@inproceedings{DBLP:conf/icdm/YooKYKJK21,
  author    = {Jaemin Yoo and
               Junghun Kim and
               Hoyoung Yoon and
               Geonsoo Kim and
               Changwon Jang and
               U Kang},
  editor    = {James Bailey and
               Pauli Miettinen and
               Yun Sing Koh and
               Dacheng Tao and
               Xindong Wu},
  title     = {Accurate Graph-Based {PU} Learning without Class Prior},
  booktitle = {{IEEE} International Conference on Data Mining, {ICDM} 2021, Auckland,
               New Zealand, December 7-10, 2021},
  pages     = {827--836},
  publisher = {{IEEE}},
  year      = {2021},
  url       = {https://doi.org/10.1109/ICDM51629.2021.00094},
  doi       = {10.1109/ICDM51629.2021.00094},
  timestamp = {Mon, 31 Jan 2022 09:31:08 +0100},
  biburl    = {https://dblp.org/rec/conf/icdm/YooKYKJK21.bib},
  bibsource = {dblp computer science bibliography, https://dblp.org}
}