@phdthesis{yoo2022probabilistic,
  author       = {Jaemin Yoo},
  title        = {Probabilistic Approaches for Node and Graph Classification},
  school       = {Seoul National University},
  year         = 2022
}