@inproceedings{yoo2022transition,
  title={Transition Matrix Representation of Trees with Transposed Convolutions},
  author={Yoo, Jaemin and Sael, Lee},
  booktitle={Proceedings of the 2022 SIAM International Conference on Data Mining (SDM)},
  year={2022},
  organization={SIAM}
}
