@article{jung2022signed,
  title={Signed random walk diffusion for effective representation learning in signed graphs},
  author={Jung, Jinhong and Yoo, Jaemin and Kang, U},
  journal={Plos one},
  volume={17},
  number={3},
  pages={e0265001},
  year={2022},
  publisher={Public Library of Science San Francisco, CA USA}
}
