@inproceedings{DBLP:conf/sdm/YooK21,
  author    = {Jaemin Yoo and
               U Kang},
  editor    = {Carlotta Demeniconi and
               Ian Davidson},
  title     = {Attention-Based Autoregression for Accurate and Efficient Multivariate
               Time Series Forecasting},
  booktitle = {Proceedings of the 2021 {SIAM} International Conference on Data Mining,
               {SDM} 2021, Virtual Event, April 29 - May 1, 2021},
  pages     = {531--539},
  publisher = {{SIAM}},
  year      = {2021},
  url       = {https://doi.org/10.1137/1.9781611976700.60},
  doi       = {10.1137/1.9781611976700.60},
  timestamp = {Sat, 21 Aug 2021 12:05:22 +0200},
  biburl    = {https://dblp.org/rec/conf/sdm/YooK21.bib},
  bibsource = {dblp computer science bibliography, https://dblp.org}
}
