@inproceedings{yoo2022model,
  title={Model-Agnostic Augmentation for Accurate Graph Classification},
  author={Yoo, Jaemin and Shim, Sooyeon and Kang, U},
  booktitle={The Web Conference (WWW)},
  year={2022},
}
