@inproceedings{DBLP:conf/kdd/YooSPK21,
  author    = {Jaemin Yoo and
               Yejun Soun and
               Yong{-}chan Park and
               U Kang},
  editor    = {Feida Zhu and
               Beng Chin Ooi and
               Chunyan Miao},
  title     = {Accurate Multivariate Stock Movement Prediction via Data-Axis Transformer
               with Multi-Level Contexts},
  booktitle = {{KDD} '21: The 27th {ACM} {SIGKDD} Conference on Knowledge Discovery
               and Data Mining, Virtual Event, Singapore, August 14-18, 2021},
  pages     = {2037--2045},
  publisher = {{ACM}},
  year      = {2021},
  url       = {https://doi.org/10.1145/3447548.3467297},
  doi       = {10.1145/3447548.3467297},
  timestamp = {Mon, 16 Aug 2021 16:18:50 +0200},
  biburl    = {https://dblp.org/rec/conf/kdd/YooSPK21.bib},
  bibsource = {dblp computer science bibliography, https://dblp.org}
}
